{"ts": "2025-12-10T14:58:41.746728", "action": "Done"}
{"ts": "2025-12-10T14:58:41.747008", "action": "Done"}
{"ts": "2025-12-10T14:58:41.747094", "action": "Done"}
{"ts": "2025-12-10T14:58:41.847526", "action": "Done"}
{"ts": "2025-12-10T14:58:41.847725", "action": "Done"}
{"ts": "2025-12-10T14:58:41.847807", "action": "Done"}
{"ts": "2025-12-10T14:58:41.948833", "action": "Done"}
{"ts": "2025-12-10T14:58:41.949032", "action": "Done"}
{"ts": "2025-12-10T14:58:41.949107", "action": "Done"}
{"ts": "2025-12-10T14:58:42.049433", "action": "Done"}
{"ts": "2025-12-10T14:58:42.049653", "action": "Done"}
{"ts": "2025-12-10T14:58:42.049744", "action": "Done"}
{"ts": "2025-12-10T14:58:42.150076", "action": "Done"}
{"ts": "2025-12-10T14:58:42.150271", "action": "Done"}
{"ts": "2025-12-10T14:58:42.150349", "action": "Done"}
{"ts": "2025-12-10T14:58:42.250691", "action": "Done"}
{"ts": "2025-12-10T14:58:42.250879", "action": "Done"}
{"ts": "2025-12-10T14:58:42.250945", "action": "Done"}
{"ts": "2025-12-10T14:58:42.351269", "action": "Done"}
{"ts": "2025-12-10T14:58:42.351472", "action": "Done"}
{"ts": "2025-12-10T14:58:42.351551", "action": "Done"}
{"ts": "2025-12-10T14:58:42.451894", "action": "Done"}
{"ts": "2025-12-10T14:58:42.453034", "action": "Done"}
{"ts": "2025-12-10T14:58:42.453273", "action": "Done"}
{"ts": "2025-12-10T14:58:42.553773", "action": "Done"}
{"ts": "2025-12-10T14:58:42.553977", "action": "Done"}
{"ts": "2025-12-10T14:58:42.554056", "action": "Done"}
{"ts": "2025-12-10T14:58:42.654424", "action": "Done"}
{"ts": "2025-12-10T14:58:42.654598", "action": "Done"}
{"ts": "2025-12-10T14:58:42.654665", "action": "Done"}
{"ts": "2025-12-10T14:58:42.754971", "action": "Done"}
{"ts": "2025-12-10T14:58:42.755164", "action": "Done"}
{"ts": "2025-12-10T14:58:42.755238", "action": "Done"}
{"ts": "2025-12-10T14:58:42.855557", "action": "Done"}
{"ts": "2025-12-10T14:58:42.855760", "action": "Done"}
{"ts": "2025-12-10T14:58:42.855841", "action": "Done"}
{"ts": "2025-12-10T14:58:42.956169", "action": "Done"}
{"ts": "2025-12-10T14:58:42.956366", "action": "Done"}
{"ts": "2025-12-10T14:58:42.956447", "action": "Done"}
{"ts": "2025-12-10T14:58:43.056779", "action": "Done"}
{"ts": "2025-12-10T14:58:43.056972", "action": "Done"}
{"ts": "2025-12-10T14:58:43.057040", "action": "Done"}
{"ts": "2025-12-10T14:58:43.157364", "action": "Done"}
{"ts": "2025-12-10T14:58:43.157542", "action": "Done"}
{"ts": "2025-12-10T14:58:43.157613", "action": "Done"}
{"ts": "2025-12-10T14:58:43.257920", "action": "Done"}
{"ts": "2025-12-10T14:58:43.258115", "action": "Done"}
{"ts": "2025-12-10T14:58:43.258180", "action": "Done"}
{"ts": "2025-12-10T14:58:43.358510", "action": "Done"}
{"ts": "2025-12-10T14:58:43.358707", "action": "Done"}
{"ts": "2025-12-10T14:58:43.358775", "action": "Done"}
{"ts": "2025-12-10T14:58:43.459096", "action": "Done"}
{"ts": "2025-12-10T14:58:43.459299", "action": "Done"}
{"ts": "2025-12-10T14:58:43.459376", "action": "Done"}
{"ts": "2025-12-10T14:58:43.559725", "action": "Done"}
{"ts": "2025-12-10T14:58:43.559926", "action": "Done"}
{"ts": "2025-12-10T14:58:43.560031", "action": "Done"}
{"ts": "2025-12-10T14:58:43.660359", "action": "Done"}
{"ts": "2025-12-10T14:58:43.660568", "action": "Done"}
{"ts": "2025-12-10T14:58:43.660649", "action": "Done"}
{"ts": "2025-12-10T14:58:43.760997", "action": "Done"}
{"ts": "2025-12-10T14:58:43.761213", "action": "Done"}
{"ts": "2025-12-10T14:58:43.761319", "action": "Done"}
{"ts": "2025-12-10T14:58:43.861604", "action": "Done"}
{"ts": "2025-12-10T14:58:43.861761", "action": "Done"}
{"ts": "2025-12-10T14:58:43.861841", "action": "Done"}
{"ts": "2025-12-10T14:58:43.962163", "action": "Done"}
{"ts": "2025-12-10T14:58:43.962376", "action": "Done"}
{"ts": "2025-12-10T14:58:43.962457", "action": "Done"}
{"ts": "2025-12-10T14:58:44.062773", "action": "Done"}
{"ts": "2025-12-10T14:58:44.062996", "action": "Done"}
{"ts": "2025-12-10T14:58:44.063095", "action": "Done"}
{"ts": "2025-12-10T14:58:44.163434", "action": "Done"}
{"ts": "2025-12-10T14:58:44.163632", "action": "Done"}
{"ts": "2025-12-10T14:58:44.163712", "action": "Done"}
